% Encoding: UTF-8

@manual{MiniZincPython,
author = {MiniZinc},
title = {MiniZinc Python — MiniZinc Python 0.6.1 documentation},
howpublished = {\url{https://minizinc-python.readthedocs.io/en/latest/}},
month = {},
year = {2022},
},

@manual{ClingoGuide,
author = {Potassco},
title = {An introduction to our Answer Set Programming tools focusing on gringo, clingo, and clasp.},
howpublished = {\url{https://github.com/potassco/guide}},
month = {},
year = {2022},
},

@manual{Dovier,
author = {Agostino Dovier},
title = {Answer Set Programming (ASP)
e la codifica dei rompicap},
howpublished = {\url{https://users.dimi.uniud.it/~agostino.dovier/AIGAMES/DISPENSA.pdf}},
month = {5},
year = {2016},
},

@manual{ClingoAPI,
author = {Potassco},
title = {Clingo API documentation},
howpublished = {\url{https://potassco.org/clingo/python-api/5.4/}},
month = {},
year = {2022},
},

@manual{TheMiniZincHnadbook,
author = {MiniZinc},
title = {The MiniZinc Handbook — The MiniZinc Handbook 2.5.5},
howpublished = {\url{https://www.minizinc.org/doc-2.5.5/en/index.html}},
month = {},
year = {2022},
},,

@website{Hakan,
author = {Håkan Kjellerstrand},
title = {MiniZinc solved problems},
howpublished = {\url{http://www.hakank.org/minizinc/}},
month = {},
year = {2022}
},

@book{Algorithms,
  author    = {Thomas H. Cormen and
               Charles E. Leiserson and
               Ronald L. Rivest and
               Clifford Stein},
  title     = {Introduction to Algorithms, 4th Edition},
  publisher = {{MIT} Press},
  year      = {2022}
}


@Comment{jabref-meta: databaseType:bibtex;}
